@article{winkler,
   author={Winkler, J. T.},
   title={The Fundamental Flaw in Obesity Research},
   journal={Obesity Reviews},
   volume={6},
   year=2005,
   pages={199-202}
}

@article{gilmore, 
	author="Gilmore, L Anne and Ravussin, Eric and Bray, George and Han, Hongmei and Redman, Leanne",
	title="An objective estimate of energy intake during weight gain using the intake-balance method",
	journal="American Journal of Clinical Nutrition",
	year="2014",
	volume="100",
	pages="806-12"
}

@article{martin,
	author="Martin, CK and Correa, JB and Han, H and Allen, HR and Rood, JC and Champagne, CM and Gunturk, BK and Bray, GA",
	title="Validity of the Remote Food Photography Method (RFPM) for estimating energy and nutrient intake in near real-time",
	journal="Obesity",
	year="2012",
	volume="20",
	pages="891-9"
}

@article{hall11,
	author="Hall, Kevin D and Chow, Carson C",
	title="Estimating changes in free-living energy intake and its confidence interval",
	journal="American Journal of Clinical Nutrition",
	year="2011",
	volume="94",
	pages="66-74"
}

@article{schoeller,
	author="Schoeller, DA and Thomas, D and Archer, E and Heymsfield, SB and Blair, SN and Goran, MI and Hill, JO and Atkinson, RL and Corkey, BE and Foreyt, J and et al.",
	title="Self-report-based estimates of energy intake offer an inadequate basis for scientific conclusions",
	journal="American Journal of Clinical Nutrition",
	year="2013",
	volume="97",
	pages="1413-5"
}

@article{freedman,
	author="Freedman, LS and Commins, JM and Moler, JE and Arab, L and Baer, DJ and Kipnis, V and Midthune, D and Moshfegh, AJ and Neuhouser, ML and Prentice, Rl and et al.",
	title="Pooled results from 5 validation studies of dietary self-report instruments using recovery biomarkers for energy and protein intake",
	journal="American Journal of Epidemiology",
	year="2014",
	volume="180",
	pages="172-88"
}


@article{hall14,
	author="Hall, Kevin",
	title="Estimating human energy intake using mathematical models ",
	journal="American Journal of Clinical Nutrition",
	year="2014",
	volume="100",
	pages="744-5"
}

@article{wilson,
	author="Wilson, Peter W.F. and D'Agostino , Ralph B. and Sullivan, Lisa and Parise, Helen and Kannel, William B.",
	title="Overweight and Obesity as Determinants of Cardiovascular Risk ",
	journal="Archives of Internal Medicine",
	year="2002",
	volume="162",
	pages="1867-72"
}

@article{sturm,
	author="Sturm, Roland",
	title="The Effects of  Obesity, Smoking, and Drinking on Medical Problems And Costs",
	journal="Health Affairs",
	year="2002",
	volume="21",
	pages="245-253"
}

@misc{cdc,
	author="CDC",
  title = "CDC Website",
  howpublished = {\url{http://www.cdc.gov/healthyweight/effects/}},
  note = {Accessed: 2016-02-05}
}

@misc{niddk,
	author="NIDDK",
	title="NIDDK Website",
	howpublished= {\url{http://www.niddk.nih.gov/health-information/health-statistics/Pages/overweight-obesity-statistics.aspx}},
	note={Accessed: 2016-02-16}
}

@article{kasen,
	author="Kasen, Stephanie and et al.",
	title="Obesity and psychopathology in women: a three decade prospective study",
	journal="International Journal of Obesity",
	year="2008",

}

@article{luppino,
	author="Luppino, Floriana S and et al.",
	title="Overweight, obesity, and depression: a systematic review and meta-analysis of longitudinal studies",
	journal="Archives of general psychiatry",
	year="2010",

}

@article{thomas12a,
	author="Thomas, D. M. and Bouchard, C. and Church, T. and Slentz, C. and Kraus, W.E. and Redmanm L.M. and Martin, C.K. and Silva, A.M. and Vossen, M. and Westererp, K. and Heymsfield, S.B.",
	title="Why do individuals not lose more weight from an exercise intervention at a defined dose? An energy balance analysis",
	journal="Obesity Reviews",
	year="2012"
}

@article{thomas10,
	author="Thomas, Diana M. and Schoeller, Dale A. and Redman, Leanne A. and Martin, Corby M. and Levine, James A. and Heymsfield, Steven B.",
	title="A computational model to determine energy intake during weight loss",
	journal="American Journal of Clinical Nutrition",
	year="2010",
	volume="92",
	pages="1326-31"
}

@article{thomas11a,
	author="Thomas, Diana M. and Martin, Corby K. and Heymsfield, Steven and Redman, Leanne M. and Schoeller, Dale A. and Levine, James A.",
	title="A simple model predicting individual weight change in humans",
	journal="Journal of Biological Dynamics",
	year="2011",
	volume="5",
	pages="579-599"
}

@book{nonlinear,
	author="Caroll, Raymond J. and Ruppert, David and Stefanski, Leonard A. and Crainiceani, Ciprian M.",
	title="Measurement Error in Nonlinear Models",
	publisher="Chapman and Hall/CRC",
	year="2006"
}

@book{linear,
	author="Fuller, Wayne A.",
	title="Measurement Error Models",
	publisher="New York: John Wiley and Sons",
	year="1987"
}

@book{nonparametric,
	author="Takezawa, Kunio",
	title="Introduction to Nonparametric Regression",
	publisher="Wiley Series in Probability and Statistics",
	year="2006"
}

@article{buzas,
	author="Buzas, J.S. and Tosteson, T.D and Stefanski, L.A.",
	title="Measurement Error",
	journal="Unpublished Report , Institue of Statistics Mimeo Series No. 2544",
	year="2003"
}

@article{richardson,
	author="Richardson,  Sylvia and Gilks, Walter R.",
	title="A Bayesian Approach to Measurement Error Problems in Epidemiology Using Conditional Independence Models",
	year="1993",
	journal="American Journal of Epidemiology",
	volume="138",
	pages="430-42"
}

@article{higdon,
	author="Higdon, R and Schafer, D.W.",
	title="Maximum likelihood computations for regression with measurement error",
	journal="Computational Statistics and Data Analysis",
	year="2001",
	volume="35",
	pages="283-99"
}

@article{schafer,
	author="Schafer, D.",
	title="Likelihood Analysis and Flexible Structural Modeling for Measurement Error Model Regression",
	journal="Journal of Computational Statistics and Data analysis",
	year="2002",
	volume="72",
	pages="33-45"
}

@article{carroll99a,
	author="Carroll, Raymond J. and Maca, Jeffrey D. and Ruppert, David",
	title="Nonparametric regression in the presence of measurement error",
	journal="Biometrika",
	year="1999",
	volume="86",
	pages="541-54"
}

@article{freedman04,
	author="Freedman, Laurence S. and Fainberg, Vitaly and Kipnis, Victor and Midthune, Douglas and Carroll, Raymond J.",
	title="A New Method for Dealing with Measurement Error in Explanatory Variables of Regression Models",
	journal="Biometrics",
	year="2004",
	volume="60",
	pages="172-81"
}

@article{carroll96,
	author="Carroll, Raymond J. and Ruppert, David",
	title="The Use and Misuse of Orthogonal Regression in Linear Error-in-variables Models",
	journal="The American Statistician",
	year="1996",
	volume="50",
	pages="1-6"
}

@article{spiegelman01,
	author="Spiegelman, Donna and Carroll, Raymond J. and Kipnis, Victor",
	title="Efficient regression calibration for logistic regression in main study/internal validation study designs with an imperfect reference instrument",
	journal="Statistics in Medicine",
	year="2001",
	volume="20",
	pages="139-60"
}

@article{freedman08,
	author="Freedman, Laurence S. and Midthune, Douglas and Carroll, Raymond J. and Kipnis, Victor",
	title="A comparison of regression calibration, moment reconstruction and imputation for adjusting for covariate measurement error in regression",
	journal="Statistics in Medicine",
	year="2008",
	volume="27",
	pages="5195-216"
}

@article{carroll99b,
	author="Carroll, Raymond J. and Roeder, Kathryn and Wasserman, Larry",
	title="Flexible Parametric Measurement Error Models",
	journal="Biometrics",
	year="1999",
	volume="55",
	pages="44-54"
}

@article{escobar95,
	author="Escobar, M.D. and West, M.",
	title="Bayesian density estimation and inference using mixtures",
	journal="Journal of the American Statistical Association",
	year="1995",
	volume="90",
	pages="577-88"
}

@article{roeder97,
	author="Roeder, K. and Wasserman, L.",
	title="Practical Bayesian density estimation using mixtures of normals",
	journal="Journal of the American Statistical Association",
	year="1997",
	volume="92",
	pages="894-902"
}

@article{berry02,
	author="Berry, Scott M. and Carroll, Raymond J. and Ruppert, David",
	title="Bayesian Smoothing and Regression Splines for Measurement Error Problems",
	journal="Journal of the American Statistical Association",
	year="2002",
	volume="97",
	pages="160-69"
}

@article{delaigle07,
	author="Delaigle, Aurore and Meister, Alexander",
	title="Nonparametric Regression Estimation in the Heteroscedastic Errors-in-Variables Problem",
	journal="Journal of the American Statistical Association",
	year="2007",
	volume="102",
	pages="1416-26"
}

@article{fan93,
	author="Fan, J. and Truong, Y. K.",
	title="Nonparametric Regression With Errors in Variables",
	journal="The Annals of Statistics",
	year="1993",
	volume="21",
	pages="1900-25"
}

@article{ganguli05,
	author="Ganguli, Bhaswati and Staudenmayer, John and Wand, M. P.",
	title="Additive Models with Predictors Subject to Measurement Error",
	journal=" Aust. N.Z. Journal of Statistics",
	year="2005",
	volume="47",
	pages="193-202"
}

@article{sarkar14,
	author="Sarkar, Abhra and Mallick, Bani K. and Carroll, Raymond J.",
	title="Bayesian Semiparametric Regression in the Presence of Conditionally Heteroscedastic Measurement and Regression Errors",
	journal="Biometrics",
	year="2014",
	volume="70",
	pages="823-34"
}

@article{pelenis14,
	author="Pelenis, J.",
	title="Bayesian regression with heteroscedastic error density and parametric mean function",
	journal="Journal of Econometrics",
	year="2014",
	volume="178",
	pages="624-38"
}

@article{hall10,
	author="Hall, Kevin D.",
	title="Predicting metabolic adaptation, body weight change, and energy intrake in humans",
	journal="Am J Physical Endocrinol Metab",
	year="2010",
	volume="298",
	pages="449-66"
}

@article{thomas14,
	author="Thomas, Diana M. and Martin, Corby K. and Redman, Leanne M. and Heymsfield, Steven B. and Lettieri, Steven and Levine, James A. and Bouchard, Claude and Schoeller, Dale A.",
	title="Effect of dietary adherence on the body weight plateau: a mathematical model incorporating intermittent compliance with energy intake prescription",
	journal="American Journal of Clinical Nutrition",
	year="2014",
	volume="100",
	pages="787-95"
}

@article{brady14,
	author="Brady, Ignatius and Hall, Kevin D.",
	title="Dispatch from the Field: Is Mathematical Modeling Applicable to Obesity Treatment in the Real World?",
	journal="Obesity",
	year="2014",
	volume="22",
	pages="1939-41"
}

@article{thomas13,
	author="Thomas, Diana",
	title="Modeling in clinical nutrition: does it add to patient care?",
	journal="European Journal of Clinical Nutrition",
	year="2013",
	volume="67",
	pages="555-7"
}

@article{thomas14b,
	author="Thomas, Diana M. and Gonzalez, Christina M. and Pereira, Andrea Z. and Redman, Leanne M. and Reymsfield, Steven B.",
	title="Time to Correctly Predict the Amount of Weight Loss with Dieting",
	journal="Journal of the Academy of Nutrition and Dietetics",
	year="2014",
	volume="114",
	pages="857-61"
}

@article{schaefer00,
	author="Schaefer, Ernst J. and Augustin, Joi L. and Schaefer, Mary M. and Rasmussen, Helen and Ordovas, Jose M. and Dallal, Gerard E. and Dwyer, Johanna T.",
	title="Lack of efficacy of a food-frequency questionnaire in assessing dietary macronutrient intakes in subjects consuming diets of known composition",
	journal="American Journal of Clinical Nutrition",
	year="2000",
	volume="71",
	pages="746-51"
}

@article{schoeller88,
	author="Schoeller, Dale A.",
	title="Measurement of Energy Expenditure in Free-Living Humans by Using Doubly Labeled Water",
	journal="Journal of Nutrition",
	year="1988",
	volume="118",
	pages="1278-89"
}

@article{daugherty12,
	author="Daugherty, BL. and Schap, TE and Ettienne-Gittens, R and Zhou, FM and Bosch, M and Delp, EJ and Ebert, DS and Kerr, DA and Boushey, CJ",
	title="Novel Technologies for assessing dietary intake: evaluating the usability of a mobile telephone food record among adults and adoloescents",
	journal="J Med Internet Res",
	year="2012",
	volume="14"
}

@article{fontana15,
	author="Fontana, JM and Higgins, JA and Schuckers, SC and Bellisle, F and Pan, Z and Melanson, EL and Neuman, MR and Sazonov , E",
	title="Energy intake estimation from counts of chews and swallows",
	journal="Appetite",
	year="2015",
	volume="85",
	pages="14-21"
}

@article{scisco13,
	author="Scisco, JL and Muth, ER and Hoover, AW",
	title="Examining the utility of a bite-count-based measure of eating activity in free-living human beings",
	journal="J Acad Nutr Diet",
	year="2013",
	volume="114",
	pages="464-9"
}

@article{sanghvi15,
	author="Sanghvi, Arjun and Redman, Leanne M. and Martin, Corby K. and Ravussin, Eric and Hall, Kevin D.",
	title="Validation of an inexpensive and accurate mathematical method to measure long-term changes in free-living energy intake",
	journal="American Journal of Clinical Nutrition",
	year="2015",
	volume="102",
	pages="353-8"
}

@article{laporte85,
	author="Laporte, Ronald and Montoye, Henry J. and Caspersen, Carl J.",
	title="Assessment of Physical Activity in Epidemiologic Research: Problems and Prospects",
	journal="Public Health Reports",
	year="1985",
	volume="100",
	pages="131-46"
}

@article{racette11,
	author="Racette, Susan B. and Das, Sai Krupa and Bhapkar, Manjushri and Hadley, Evan C. and Robers, Susan B. and Ravussin, Eric and Pieper, Carl and DeLany, James P. and Kraus, William E. and Rochon, James and Redman, Leanne M.",
	title="Approaches for quantifying energy intake and \%calorie restriction during
calorie restriction interventions in humans: the multicenter CALERIE study",
	journal="Am J Physiol Endorinol Metab",
	year="2011",
	volume="302",
	pages="441-8"
}

@article{welk04,
	author="Welk, G.J. and Schaben, J.A. and Morrow, J.R. Jr",
	title="Reliability of accelerometry-based activity monitors: a generalizability study",
	journal="Med Sci Sports Exerc",
	year="2004",
	volume="36",
	pages="1637-45"
}

@article{bassett00,
	author="Bassett, D.R et al.",
	title="Validity of four motion sensors in measuring moderate intensity physical activity",
	journal="Med Sci Sport Exer",
	year="2000",
	volume="32",
	pages="S471-S480"
}

@article{drenowatz11,
	author="Drenowatz, C. and Eisenmann, J.C.",
	title="Validation of the SenseWear Armband at high intensity exercise",
	journal="Eur J Appl Physiol",
	year="2011",
	volume="111",
	pages="883-7"
}

@article{johannsen10,
	author="Johannsen D.L. et al.",
	title="Accuracy of armband monitors for measuring daily energy expenditure in healthy adults",
	journal="Medicine and Science in Sports and Exercise",
	year="2010",
	volume="42",
	pages="2134-40"
}

@article{dannecker13,
	author="Dannecker, K. L. et al.",
	title="A Comparison of Energy Expenditure Estimation of Several Physical Activity Monitors",
	journal="Med Sci Sports Exerc",
	year="2013",
	volume="45",
	pages="2105-12"
}

@article{hind11,
	author="Hind, K. and Oldroyd, B. and Truscott, J. G.",
	title="In vivo precision of the GE Lunar iDXA densitometer for the measurement of total body composition and fat distribution in adults",
	journal="European Journal of Clinical Nutrition",
	year="2011",
	volume="65",
	pages="140-2"
}

@article{neilson08,
	author="Neilson, Heather K. and Robson, Paula J. and Friedenreich, Christine M. and Csizmadi, Ilona",
	title="Estimating activity energy expenditure: how valid are physical activity questionnaires?",
	journal="American Journal of Clinical Nutrition",
	year="2008",
	volume="87",
	pages="279-91"
}

@article{wang11,
	author="Wang, Xiao-Feng and Wang, Bin",
	title="Deconvolution Estimation in Measurement Error Models: The R Package decon",
	journal="Journal of Statistical Software",
	year="2011",
	volume="39"
}

@article{sinha10,
	author="Sinha, Samiran and Mallick, Bani K. and Kipnis, Victor and Carroll, Raymond J.",
	title="Semiparametric Bayesian Analysis of Nutritional Epidemiology Data in the Presence of Measurement Error",
	journal="Biometrics",
	year="2010",
	volume="66",
	pages="444-54"
}

@article{baracos11,
	author="Baracos, Vickie et al.",
	title="Advances in the Science and Application of Body Composition Measurement",
	journal="Journal of Parenteral and Enteral Nutrition",
	year="2011",
	volume="36",
	pages="96-107"
}

@article{cook,
	author="Cook, Adrian and Pryer, Jane and Shetty, Prakash",
	title="The problem of accuracy in dietary surveys. Analysis of the over 65 UK National Diet and Nutrition Survey",
	journal="Journal of Epidemiology and Community Health",
	year="2000",
	volume="54",
	pages="611-16"
}

@article{johnsonr,
	author="Johnson, Rachel K.",
	title="Dietart Intake-How do we measure what people are really eating?",
	journal="Obesity",
	year="2002",
	volume="10",
	pages="63S-68S"
}

@article{jakes,
	author="Jakes, Rupert W. and Day, Nicholas, E. and Luben, Robert and Welch, Ailsa and Bingham, Sheila and Mitchell, Jo and Hennings, Susie and Rennie, Kirsten and Wareham, Nicholas J.",
	title="Adjusting  for energy intake-what measure to use in nutritional epidemiological studies?",
	journal="International Journal of Epidemiology",
	year="2004",
	volume="33",
	pages="1382-6"
}

@article{raper,
	author="Raper, Nancy and Perloff, Betty and Ingwersen, Linda and Steinfeldt, Lois and Anand, Jaswinder",
	title="An overview of USDA's Dietary Intake Data System",
	journal="Journal of Food Consumption and Analysis",
	year="2004",
	volume="17",
	pages="545-55"
}

@article{lagerros,
	author="Lagerros, Y.T. and Lagiou, P.",
	title="Assessment of physical activity and energy expenditure in epidemiological research of chronic diseases",
	journal="European Journal of Epidemiology",
	year="2007",
	volume="205",
	pages="353-62"
}


@article{bouten,
	author="Bouten, C. and Verboeket-van de Venne, W. and Westerterp, K.R. and Verduin, M. and Janssen, J.D. ",
	title="Daily physical activity assessment: comparison between movement registration and doubly labeled water",
	journal="Journal of Applied Physiology",
	year="1996",
	volume="81",
	pages="1019-26"
}

@article{lee,
	author="Jung-Min, Lee and Kim, Youngwon and Welk, Gregory J. ",
	title="Validity of Consumer-Based Physical Activity Monitors",
	journal="Medicine and Science in Sports and Exercise",
	year="2014",
	volume="46",
	pages="1840-8"
}