
@article{fernandez, 
	author="Fernandez, Carmen and Steel, Mark F. J. ",
	title="On Bayesian Modeling of Fat Tails and Skewness",
	journal="Journal of the American Statistical Association",
	year="1998",
	volume="93",
	pages="359-71"
}

%double
@book{nonparametric,
	author="Takezawa, Kunio",
	title="Introduction to Nonparametric Regression",
	publisher="Wiley Series in Probability and Statistics",
	year="2006"
}

%double
@article{sarkar14,
	author="Sarkar, Abhra and Mallick, Bani K. and Carroll, Raymond J.",
	title="Bayesian Semiparametric Regression in the Presence of Conditionally Heteroscedastic Measurement and Regression Errors",
	journal="Biometrics",
	year="2014",
	volume="70",
	pages="823-34"
}


@article{green,
	author="Green, Peter J.",
	title="Reversible Jump Markov Chain Monte Carlo Computation and and Bayesian Model Determination",
	journal="Biometrika",
	year="1995",
	volume="82",
	pages="711-32"
}

@article{dimatteo,
	author="DiMatteo, Ilaria and Genovese, Christopher R. and Kass, Robert E.",
	title="Bayesian Curve-Fitting with Free-Knot Splines",
	journal="Biometrika",
	year="2001",
	volume="88",
	pages="1055-71"
}

@article{lindstrom,
	author="Lindstrom, Mary J.",
	title="Bayesian estimation of free-knot splines using reversible jumps",
	journal="Computational Statistics and Data Analysis",
	year="2002",
	volume="41",
	pages="255-69"
}

@article{johnson,
	author="Johnson, Matthew S.",
	title="Modeling dichotomous item responses with free-knot splines",
	journal="Computational Statistics and Data Analysis",
	year="2007",
	volume="51",
	pages="4178-92"
}

@article{denison,
	author="Denison, D.G.T and Mallick, B.K. and Smith, A.F.M.",
	title="Automatic Bayesian curve fitting",
	journal="Journal of the Royal Statistical Society",
	year="1998",
	volume="60",
	pages="333-50"
}

@article{hand,
	author="Hand, Gregory A. and Shook, Robin P. and Paluch, Amanda E. and Baruth, Meghan and Crowley, Patrick and Jaggers, Jason R. and Prasad, Vivek K. and Hurley, Thomas G. and Hebert, James R. and O'Connor, Daniel P. and Archer, Edward and Burgess, Stephanie and Blair, Steven N.",
	title="The Energy Balance Study: The Design and Baseline Results for a Longitudinal Study of Energy Balance",
	journal="Research Quarterly for Exercise and Sport",
	year="2013",
	volume="84",
	pages="275-86"
}


@misc{cdc,
	author="CDC",
	title="CDC Website",
	howpublished= {\url{https://www.cdc.gov/nchs/data/nhanes/databriefs/adultweight.pdf}},
	note={Accessed: 2016-10-10}
}

%double
@article{thomas11,
	author="Thomas, Diana M. and Martin, Corby K. and Heymsfield, Steven and Redman, Leanne M. and Schoeller, Dale A. and Levine, James A.",
	title="A simple model predicting individual weight change in humans",
	journal="Journal of Biological Dynamics",
	year="2011",
	volume="5",
	pages="579-99"
}


@article{lagerros,
	author="Lagerros, Y.T. and Lagiou, P.",
	title="Assessment of physical activity and energy expenditure in epidemiological research of chronic diseases",
	journal="European Journal of Epidemiology",
	year="2007",
	volume="205",
	pages="353-62"
}


@article{bouten,
	author="Bouten, C. and Verboeket-van de Venne, W. and Westerterp, K.R. and Verduin, M. and Janssen, J.D. ",
	title="Daily physical activity assessment: comparison between movement registration and doubly labeled water",
	journal="Journal of Applied Physiology",
	year="1996",
	volume="81",
	pages="1019-26"
}

%double
@article{gilmore, 
	author="Gilmore, L Anne and Ravussin, Eric and Bray, George and Han, Hongmei and Redman, Leanne",
	title="An objective estimate of energy intake during weight gain using the intake-balance method",
	journal="American Journal of Clinical Nutrition",
	year="2014",
	volume="100",
	pages="806-12"
}


%double
@article{hall11,
	author="Hall, Kevin D and Chow, Carson C",
	title="Estimating changes in free-living energy intake and its confidence interval",
	journal="American Journal of Clinical Nutrition",
	year="2011",
	volume="94",
	pages="66-74"
}

%double
@article{sanghvi15,
	author="Sanghvi, Arjun and Redman, Leanne M. and Martin, Corby K. and Ravussin, Eric and Hall, Kevin D.",
	title="Validation of an inexpensive and accurate mathematical method to measure long-term changes in free-living energy intake",
	journal="American Journal of Clinical Nutrition",
	year="2015",
	volume="102",
	pages="353-8"
}

%double
@article{racette11,
	author="Racette, Susan B. and Das, Sai Krupa and Bhapkar, Manjushri and Hadley, Evan C. and Robers, Susan B. and Ravussin, Eric and Pieper, Carl and DeLany, James P. and Kraus, William E. and Rochon, James and Redman, Leanne M.",
	title="Approaches for quantifying energy intake and \%calorie restriction during
calorie restriction interventions in humans: the multicenter CALERIE study",
	journal="Am J Physiol Endorinol Metab",
	year="2011",
	volume="302",
	pages="441-8"
}


%double
@book{nonlinear,
	author="Caroll, Raymond J. and Ruppert, David and Stefanski, Leonard A. and Crainiceani, Ciprian M.",
	title="Measurement Error in Nonlinear Models",
	publisher="Chapman and Hall/CRC",
	year="2006"
}

@book{bda,
	author="Gelman, Andrew and Carlin, John B. and Stern, Hal S. and Dunson, David B. and Vehtari, Aki and Rubin, Donald B.",
	title="Bayesian Data Analysis",
	publisher="Chapman and Hall/CRC",
	year="2014"
}

